@incollection{SAR,
pages = {305-340},
publisher = {John Wiley & Sons, Inc},
title = {Spaceborne SAR Antennas for Earth Science},
year = {2006},
abstract = {This chapter contains sections titled:
Introduction
Characteristics of Spaceborne Earth Science SAR Antennas
Seasat, SIR‐A, and SIR‐B Spaceborne Antennas
SIR‐C and SRTM Antennas
Future Antenna Technologies and Concluding Remarks
References},
author = {Kim, Yunjin and Jordan, Rolando L},
address = {Hoboken, NJ, USA},
booktitle = {Spaceborne Antennas for Planetary Exploration},
copyright = {Copyright 2006 John Wiley \& Sons, Inc. All rights reserved.},
isbn = {9780470051504},
keywords = {antenna characteristics ; Seasat SAR antennas ; SIR‐A, SIR‐B and SIR‐C spaceborne antennas ; spaceborne SAR antennas ; SRTM antennas},
language = {eng},
}

